@article{
王宣承-1,
   Author = {王宣承},
   Title = {基于LASSO和神经网络的量化交易智能系统构建——以沪深300股指期货为例},
   Journal = {投资研究},
   Volume = {33},
   Number = {09},
   Pages = {23-39},
   Note = {页数: 17},
   Abstract = {本文立足于我国金融市场的现状提出了基于LASSO方法和神经网络模型的量化交易智能系统。该系统首先使用LASSO方法从众多技术指标中选出极少数最有效的指标作为输入变量,然后通过神经网络方法来搜索最优的交易规则,并以沪深300股指期货为例进行回测检验。结果显示:第一,与AIC和BIC回归模型相比,LASSO选出的变量少、预测高、且稳健性强;第二,经过神经网络的优化,交易系统的收益率和风险控制能力都得到了显著提高;第三,即使在考虑交易成本的前提下,该系统也可以获取超额收益。},
   Keywords = {LASSO;变量选择;神经网络;量化交易},
   Year = {2014} }




@article{
潘水洋刘俊玮-2,
   Author = {潘水洋 and 刘俊玮 and 王一鸣},
   Title = {基于神经网络的股票收益率预测研究},
   Journal = {浙江大学学报（理学版）},
   Volume = {46},
   Number = {5},
   Pages = {550-555},
   DOI = {10.3785/j.issn.1008-9497.2019.05.006},
   Abstract = {在金融领域的资产定价模型修正过程中,股市的非线性现象往往被选择性忽视,未纳入模型框架,现有模型亦无法刻画因子之间的非线性定价结构.为解决上述问题,引入了机器学习领域中的神经网络模型,以捕获市场组合收益率、市值、账面市值比三因子间的非线性定价结构,并对股票收益率进行预测.将该模型与经典Fama-French三因子模型在样本外拟合优度、多空策略业绩表现上做了对比,结果表明:神经网络模型能精准捕获市场组合收益率、市值、账面市值比3个因子之间的非线性关系,且在样本外拟合优度、多空策略业绩表现上均要优于传统三因子线性定价模型.},
   Keywords = {机器学习; 非线性资产定价; 神经网络},
   Year = {2019} }




@article{
于志军杨善林-3,
   Author = {于志军 and 杨善林 and 章政 and 焦健},
   Title = {基于误差校正的灰色神经网络股票收益率预测},
   Journal = {中国管理科学},
   Volume = {23},
   Number = {12},
   Pages = {20-26},
   Note = {页数: 7},
   Abstract = {在股票市场中,准确的股票收益率预测是市场交易各方共同关心的重要问题。由于影响股票市场的因素十分复杂,仅靠建立单一的股票收益率预测模型来提高预测精度是非常困难的。本文对当前股票收益率预测方法存在的不足进行了阐述,并提出了以误差校正来提高股票收益率预测精度的新思路。首先,利用训练样本构建灰色神经网络模型,然后对股票收益率进行初步预测;其次,引入EGRACH模型来挖掘和分析预测误差序列的内部信息,并对该序列后续点进行预测;最后,利用误差预测结果对股票收益率的初始预测值进行校正。文章以上证综合指数数据为例进行分析,结果显示,与校正前的预测精度相比,校正后的预测精度提高了9.3%,表明EGRACH的误差...},
   Keywords = {误差校正;灰色神经网络;股票收益率预测},
   Year = {2015} }
